@misc{medina-arduino,
	author = {Medina, Mario},
	title = {Introducción a Arduino},
	howpublished = {Taller de Sistemas Digitales, Universidad de Concepción, Concepción, Chile},
	month = sep,
	year = {2025},
}
@misc{programarfacilMax7219,
	author       = {J. Guerra Carmenate},
	title        = {Matriz de LED 8x8 con Arduino y driver MAX7219},
	year         = {2020},
	url          = {https://programarfacil.com/blog/arduino-blog/matriz-led-arduino-max7219/},
	note         = {[En línea; accedido: 12-Sep-2025]}
}
